@article{WangSurvey2015,
author = {Wang, Peng and Xu, Baowen and Wu, Yurong and Zhou, Xiaoyu},
year = {2014},
month = {11},
pages = {},
title = {Link Prediction in Social Networks: the State-of-the-Art},
volume = {58},
journal = {Science China Information Sciences},
doi = {10.1007/s11432-014-5237-y}
}

@article{Attributed,
author = {L. Liao, X. He, H. Zhang, and T.-S. Chua},
year = {2018},
title = {Attributed
Social Network Embedding},
journal = {TKDE},
doi = {10.1109/TKDE.2018.2819980}
}

@inproceedings{Hasan2006,
  added-at = {2012-06-10T16:21:03.000+0200},
  author = {Hasan, Mohammad Al and Chaoji, Vineet and Salem, Saeed and Zaki, Mohammed},
  booktitle = {In Proc. of SDM 06 workshop on Link Analysis, Counterterrorism and Security},
  description = {CiteSeerX — Link Prediction Using Supervised Learning},
  keywords = {learning link prediction supervised},
  title = {Link Prediction Using Supervised Learning},
  url = {http://citeseerx.ist.psu.edu/viewdoc/summary?doi=10.1.1.61.1225},
  year = {2006}
}


@inproceedings{Scellato2011,
  author = {Scellato, Salvatore and Noulas, Anastasios and Mascolo, Cecilia},
  biburl = {https://www.bibsonomy.org/bibtex/246c7cd2bf63ec7b3bc589abb28fa680a/nosebrain},
  booktitle = {KDD},
  ee = {http://doi.acm.org/10.1145/2020408.2020575},
  isbn = {978-1-4503-0813-7},
  keywords = {dataset:gowalla link location networks prediction social},
  pages = {1046-1054},
  publisher = {ACM},
  title = {Exploiting place features in link prediction on location-based social networks},
  url = {http://dblp.uni-trier.de/db/conf/kdd/kdd2011.html#ScellatoNM11},
  year = {2011}
}


@inproceedings{Zhang2018,
author = {Zhang, Ziwei and Cui, Peng and Wang, Xiao and Pei, Jian and Yao, Xuanrong and Zhu, Wenwu},
title = {Arbitrary-Order Proximity Preserved Network Embedding},
year = {2018},
isbn = {9781450355520},
publisher = {Association for Computing Machinery},
address = {New York, NY, USA},
url = {https://doi.org/10.1145/3219819.3219969},
doi = {10.1145/3219819.3219969},
booktitle = {Proceedings of the 24th ACM SIGKDD International Conference on Knowledge Discovery & Data Mining},
pages = {2778–2786},
numpages = {9},
keywords = {arbitrary-order proximity, network embedding, network representation learning},
location = {London, United Kingdom},
series = {KDD ’18}
}
 
  
@inproceedings{Grover2016,
author = {Grover, Aditya and Leskovec, Jure},
title = {Node2vec: Scalable Feature Learning for Networks},
year = {2016},
isbn = {9781450342322},
publisher = {Association for Computing Machinery},
address = {New York, NY, USA},
url = {https://doi.org/10.1145/2939672.2939754},
doi = {10.1145/2939672.2939754},
booktitle = {Proceedings of the 22nd ACM SIGKDD International Conference on Knowledge Discovery and Data Mining},
pages = {855–864},
numpages = {10},
keywords = {information networks, graph representations, feature learning, node embeddings},
location = {San Francisco, California, USA},
series = {KDD ’16}
}


@article{Newman2001,
  title={Clustering and preferential attachment in growing networks.},
  author={M. E. J. Newman},
  journal={Physical review. E, Statistical, nonlinear, and soft matter physics},
  year={2001},
  volume={64 2 Pt 2},
  pages={
          025102
        }
}


@book{Salton1986,
author = {Salton, Gerard and McGill, Michael J.},
title = {Introduction to Modern Information Retrieval},
year = {1986},
isbn = {0070544840},
publisher = {McGraw-Hill, Inc.},
address = {USA}
}


@article{Adamic2003,
author = {Adamic, Lada and Adar, Eytan},
year = {2003},
month = {07},
pages = {211-230},
title = {Friends and Neighbors on the Web},
volume = {25},
journal = {Social Networks},
doi = {10.1016/S0378-8733(03)00009-1}
}


@article{Barabasi2002,
title = "Evolution of the social network of scientific collaborations",
keywords = "Random networks, Scale-free networks, Scaling, Small-word systems",
author = "Barab{\'a}si, {A. L.} and H. Jeong and Z. N{\'e}da and E. Ravasz and A. Schubert and T. Vicsek",
year = "2002",
month = aug,
day = "15",
doi = "10.1016/S0378-4371(02)00736-7",
language = "English",
volume = "311",
pages = "590--614",
journal = "Physica A: Statistical Mechanics and its Applications",
issn = "0378-4371",
publisher = "Elsevier",
number = "3-4",
}


@article{Lu2009,
author = {Lü, Linyuan and Jin, Ci-Hang and Zhou, Tao},
year = {2009},
month = {10},
pages = {046122},
title = {Similarity index based on local paths for link prediction of complex networks},
volume = {80},
journal = {Physical review. E, Statistical, nonlinear, and soft matter physics},
doi = {10.1103/PhysRevE.80.046122}
}


@article{Katz1953,
title = {A new status index derived from sociometric analysis},
author = {Katz, Leo},
year = {1953},
journal = {Psychometrika},
volume = {18},
number = {1},
pages = {39-43},
url = {https://EconPapers.repec.org/RePEc:spr:psycho:v:18:y:1953:i:1:p:39-43}
}


@inproceedings{Jeh2002,
author = {Jeh, Glen and Widom, Jennifer},
title = {SimRank: A Measure of Structural-Context Similarity},
year = {2002},
isbn = {158113567X},
publisher = {Association for Computing Machinery},
address = {New York, NY, USA},
url = {https://doi.org/10.1145/775047.775126},
doi = {10.1145/775047.775126},
booktitle = {Proceedings of the Eighth ACM SIGKDD International Conference on Knowledge Discovery and Data Mining},
pages = {538–543},
numpages = {6},
location = {Edmonton, Alberta, Canada},
series = {KDD ’02}
}


@article{Liu2013,
author = {Liu, Haifeng and Hu, Zheng and Haddadi, Hamed and Tian, Hui},
year = {2013},
month = {01},
pages = {18004},
title = {Hidden link prediction based on node centrality and weak ties},
volume = {101},
journal = {EPL (Europhysics Letters)},
doi = {10.1209/0295-5075/101/18004}
}


@article{pow2012,
author = {Pow, J., Gayen, K., Elliott, L., & Raeside, R.},
year = {2012},
month = {10},
pages = {2779},
title = {Understanding complex interactions using social network analysis},
volume = {1},
journal = {Journal of Clinical Nursing},
doi = {10.1111/j.1365-2702.2011.04036.x}
}


@article{soc1988,
author = {Scott, J.},
year = {1988},
month = {02},
title = { Social Network Analysis},
volume = {22},
journal = {Sociology},
doi = {10.1177/0038038588022001007}
}


@article{Mikolov2013,
author = {Mikolov, Tomas and Chen, Kai and Corrado, G.s and Dean, Jeffrey},
year = {2013},
month = {01},
pages = {},
title = {Efficient Estimation of Word Representations in Vector Space},
volume = {2013},
journal = {Proceedings of Workshop at ICLR}
}

@inproceedings{Perozzi2014,
author = {Perozzi, Bryan and Al-Rfou, Rami and Skiena, Steven},
title = {DeepWalk: Online Learning of Social Representations},
year = {2014},
isbn = {9781450329569},
publisher = {Association for Computing Machinery},
address = {New York, NY, USA},
url = {https://doi.org/10.1145/2623330.2623732},
doi = {10.1145/2623330.2623732},
booktitle = {Proceedings of the 20th ACM SIGKDD International Conference on Knowledge Discovery and Data Mining},
pages = {701–710},
numpages = {10},
keywords = {learning with partial labels, network classification, latent representations, social networks, deep learning, online learning},
location = {New York, New York, USA},
series = {KDD ’14}
}

@article{Zhou2009,
author = {Zhou, Tao and Lü, Linyuan and Zhang, Yi-Cheng},
year = {2009},
month = {10},
pages = {623-630},
title = {Predicting Missing Links via Local Information},
volume = {71},
journal = {The European Physical Journal B - Condensed Matter and Complex Systems},
doi = {10.1140/epjb/e2009-00335-8}
}
  


@article{Jovic2015,
  title={A review of feature selection methods with applications},
  author={Alan Jovic and Karla Brkic and Nikola Bogunovic},
  journal={2015 38th International Convention on Information and Communication Technology, Electronics and Microelectronics (MIPRO)},
  year={2015},
  pages={1200-1205}
}





@article{RandomForest,
author = {Breiman, Leo},
year = {2001},
month = {10},
pages = {5-32},
title = {Machine Learning, Volume 45, Number 1 - SpringerLink},
volume = {45},
journal = {Machine Learning},
doi = {10.1023/A:1010933404324}
}

@article{SVM,
author = {Cortes, Corinna and Vapnik, Vladimir},
title = {Support-Vector Networks},
year = {1995},
issue_date = {Sept. 1995},
publisher = {Kluwer Academic Publishers},
address = {USA},
volume = {20},
number = {3},
issn = {0885-6125},
url = {https://doi.org/10.1023/A:1022627411411},
doi = {10.1023/A:1022627411411},
journal = {Mach. Learn.},
month = sep,
pages = {273–297},
numpages = {25},
keywords = {radial basis function classifiers, polynomial classifiers, pattern recognition, neural networks, efficient learning algorithms}
}
  
  





@article{facebook100,
     title={Social structure of {F}acebook networks},
     author={Traud, Amanda L and Mucha, Peter J and Porter, Mason A},
     journal={Phys. A},
     month={Aug},
     number={16},
     pages={4165--4180},
     volume={391},
     year={2012}
}


@article{facebook5,
     title={Comparing Community Structure to Characteristics in Online Collegiate Social Networks},
     author={Traud, Amanda L and Kelsic, Eric D and Mucha, Peter J and Porter, Mason A},
     journal={SIAM Rev.},
     number={3},
     pages={526--543},
     volume={53},
     year={2011}
}


@inproceedings{facebook100statistics,
     title={The Network Data Repository with Interactive Graph Analytics and Visualization},
     author={Ryan A. Rossi and Nesreen K. Ahmed},
     booktitle={AAAI},
     url={http://networkrepository.com, http://networkrepository.com/socfb-A-anon.php},
     year={2015}
}